1525 2368
529 126 797 160 AENEIDOS
839 127 942 161 LIB.
984 127 1058 161 VII
1335 133 1392 177 27

193 220 427 270 spiculaque
448 219 651 269 clipeique
671 221 888 270 ereptaque
909 222 1038 258 rostra
1059 220 1219 259 carinis.

192 286 278 335 ipse
300 285 505 333 Quirinali
527 285 633 323 lituo
654 298 861 334 parvaque
881 285 1048 324 sedebat

192 350 425 388 succinctus
445 350 596 397 trabea,
620 350 815 399 laevaque
835 350 965 388 ancile
986 351 1151 400 gerebat

192 415 316 453 Picus
337 429 490 465 equum
507 415 686 453 domitor
703 430 711 463 ;
742 429 863 464 quem
878 417 992 465 capta
1005 416 1198 465 cupidine
1213 417 1391 455 coniunx

194 494 312 519 aurea
332 494 575 530 percussum
595 481 711 530 virga
730 494 978 530 versumque
998 481 1168 519 venenis
1330 498 1389 529 ¹90

192 546 287 584 fecit
307 560 424 585 avem
446 546 569 595 Circe,
595 547 830 596 sparsitque
851 546 1053 585 coloribus
1075 547 1169 586 alas.

197 729 368 763 192—211.
396 720 553 753 Latinus
574 720 701 763 speaks
725 724 757 753 to
782 721 835 753 the
864 719 1039 762 Trojans:
1067 721 1075 736 ‘
1094 721 1168 754 Tell
1194 733 1246 755 me
1270 722 1392 756 where-

231 768 314 810 fore
340 778 381 809 με)
406 767 492 800 hace
519 771 640 800 come?
690 768 763 799 Did
787 778 827 809 ye
858 768 926 800 lose
950 778 1041 809 yom-
1067 779 1150 810 way,
1178 780 1219 800 ον
1243 780 1328 802 were
1352 782 1391 813 sse

240 815 360 847 driven
385 815 427 856 by
445 819 572 847 storms
587 816 603 847 :2
653 815 751 847 Shnn
781 819 839 847 not
863 825 931 847 (mr
951 815 1245 858 leospftalitsshjbr
1266 817 1392 850 indeed

240 861 263 893 Ι
280 862 469 894 remember
484 862 578 894 there
598 863 628 894 is
644 873 665 894 α
685 872 836 894 rumom·
851 862 925 894 that
943 862 1142 896 Dardanus
1162 874 1231 896 was
1248 863 1330 897 born
1354 865 1389 897 in

240 909 310 941 this
327 909 726 952 comm-yffiDardanas·
742 919 833 951 your
849 909 1030 942 (sucessor)

193 1000 266 1038 tali
286 1000 400 1038 intus
420 1000 578 1050 templo
599 1000 743 1038 divum
766 1000 976 1050 patriaque
998 1001 1174 1040 Latinus

192 1066 286 1104 sede
307 1067 452 1104 sedens
473 1067 651 1104 Teucros
672 1066 721 1104 ad
743 1079 829 1103 sese
851 1066 895 1104 in
915 1068 1021 1104 tecta
1042 1067 1199 1105 vocavit
1220 1083 1229 1115 ;

191 1134 313 1181 atque
334 1132 433 1170 haec
454 1131 649 1181 ingressis
669 1131 827 1181 placido
848 1132 958 1181 prior
982 1133 1111 1171 edidit
1132 1147 1198 1171 ore
1215 1148 1224 1172 z
1332 1150 1389 1181 194

195 1198 340 1236 ‘dicite
361 1198 631 1241 Dardanidae,
655 1211 789 1246 neque
810 1198 922 1236 enim
944 1198 1150 1236 nescimus
1171 1202 1210 1237 et
1232 1199 1376 1238 urbem

191 1265 231 1301 et
250 1277 390 1313 genus,
416 1264 630 1313 auditique
650 1264 867 1302 advertitis
886 1277 1059 1313 aequore
1079 1278 1257 1313 cursum,

192 1330 291 1379 quid
312 1329 490 1379 petitis?
520 1343 621 1378 quae
642 1342 762 1367 causa
783 1330 897 1375 rates,
921 1331 991 1367 aut
1012 1329 1127 1367 cuius
1148 1333 1313 1379 egentes

192 1396 292 1433 litus
312 1395 359 1433 ad
383 1396 619 1434 Ausonium
641 1396 704 1433 tot
724 1408 799 1444 per
818 1395 921 1433 vada
942 1395 1100 1432 caerula
1120 1396 1232 1434 vexit
1245 1397 1265 1434 ⁶?

192 1460 280 1498 sive
299 1474 432 1499 errore
451 1461 551 1509 viae,
575 1474 645 1498 seu
669 1460 986 1509 tempestatibus
1006 1460 1096 1509 acti,

193 1526 330 1575 qualia
349 1526 484 1564 multa
504 1527 610 1564 mari
632 1528 778 1564 nautae
801 1525 1016 1574 patiuntur
1036 1525 1079 1563 in
1100 1526 1193 1574 alt0,
1326 1542 1388 1564 200

192 1591 381 1629 fluminis
402 1591 589 1630 intrastis
611 1592 721 1641 ripas
741 1594 946 1641 portuque
966 1591 1125 1639 sedetis,

193 1670 244 1694 ne
265 1657 396 1707 fugite
416 1657 657 1706 hospitium,
681 1671 785 1695 neve
806 1657 992 1706 ignorate
1013 1657 1186 1695 Latinos

194 1722 361 1760 Saturni
380 1724 559 1771 gentem,
582 1722 692 1761 haud
714 1723 853 1760 vinclo
875 1736 947 1760 nec
967 1722 1129 1772 legibus
1149 1736 1333 1773 aequam,

192 1789 338 1837 sponte
358 1801 431 1826 sua
452 1788 684 1838 veterisque
705 1789 770 1827 dei
790 1802 832 1827 se
852 1803 965 1827 more
986 1791 1210 1828 tenentem.
1327 1805 1388 1836 204

192 1856 316 1903 atque
336 1855 525 1904 equidem
549 1855 891 1894 memini—fama
907 1858 968 1893 est
983 1855 1195 1894 obscurior
1213 1856 1390 1894 annis—

193 1920 413 1958 Auruncos
433 1920 489 1958 ita
508 1921 611 1958 ferre
632 1934 760 1969 senes,
783 1921 848 1959 his
869 1925 983 1960 ortus
1005 1924 1051 1960 ut
1071 1922 1179 1971 agris

193 1985 412 2024 Dardanus
432 1985 578 2024 Idaeas
599 1986 807 2036 Phrygiae
828 1988 1051 2036 penetrarit
1073 1988 1123 2026 ad
1145 1987 1277 2035 urbes,

193 2051 504 2101 Threiciamque
525 2053 709 2099 Samum,
727 2066 827 2102 quae
845 2066 955 2091 nunc
972 2053 1231 2091 Samothacia
1246 2054 1385 2091 fertur.

194 2117 289 2154 hinc
309 2117 441 2165 illum,
466 2118 639 2166 Corythi
660 2119 875 2167 Tyrrhena
896 2119 945 2157 ab
965 2119 1059 2156 sede
1080 2120 1320 2168 profectum.
