1525 2368
133 123 193 167 28
438 133 479 167 P.
523 131 738 166 VERGILI
781 132 1020 166 MARONIS

133 238 254 264 aurea
274 238 385 263 nunc
405 225 506 263 solio
528 223 732 263 stellantis
753 224 864 275 regia
885 224 985 262 caeli
1265 239 1326 261 210

130 292 275 341 accipit
295 293 335 329 et
353 304 575 330 numerum
596 291 785 328 divorum
804 290 1001 329 altaribus
1022 289 1167 339 auget.’

130 400 301 441 212-248.
332 399 429 432 Thea
453 399 633 432 ansa-eres]
658 398 828 440 Ilioneus,
849 398 856 414 ‘
875 399 902 431 O
927 399 1024 441 leina,
1043 399 1087 441 of
1104 402 1153 431 sel
1167 409 1324 442 purpose

176 457 271 480 came
296 457 344 479 we
372 446 497 488 hither,
524 446 645 479 driven
667 446 768 487 from
794 456 862 478 ow·
889 446 1009 483 realm,
1038 445 1092 478 led
1118 446 1159 488 by
1185 446 1324 478 Aeneas

175 504 311 537 sprung]
321 493 422 536 from
439 493 533 526 Jove.
587 493 638 535 Of
649 493 703 525 the
723 503 797 525 wm-
815 492 960 525 between
979 492 1123 535 Europe
1141 493 1215 525 and
1231 492 1324 525 Asia

176 542 227 574 all
251 541 306 574 the
332 541 440 574 world
465 540 607 581 lcnows;
633 550 691 581 we,
715 539 820 572 sared
838 539 937 580 from
960 539 1035 572 that
1052 540 1161 581 stood,
1182 539 1242 581 bey
1259 540 1327 582 for

175 600 196 621 (ι
215 588 343 621 shelter
366 589 405 620 in
430 598 520 630 your·
540 591 660 619 coasts.
713 587 791 620 Nor
813 586 907 619 shall
934 597 979 619 uve
1004 586 1163 628 disyrace
1185 596 1264 629 you,
1286 596 1327 619 ον

177 636 214 668 be
241 635 456 677 unwateful.
507 634 620 676 Many
646 634 788 667 various
815 633 899 666 hace
926 633 1054 675 offered
1085 644 1125 665 us
1156 633 1247 665 what
1275 643 1324 665 we

176 683 241 715 asli·
256 683 355 724 from
382 692 458 724 yon,
487 681 545 714 but
571 681 695 713 heaven
724 681 826 713 (lrore
851 691 894 713 us
918 684 950 713 lo
975 690 1066 722 your
1088 680 1184 713 lund.
1240 680 1325 713 This

177 740 248 762 was
280 729 335 761 the
366 728 559 771 birthplaee
592 728 635 771 of
657 727 868 769 Dardanus,
898 727 1017 760 hither
1046 727 1175 770 Apollo
1211 728 1324 761 would

177 776 261 809 hare
289 787 328 808 ns
354 780 486 808 return.
538 775 676 808 Aeneas
699 775 803 807 sends
828 774 901 807 thee
924 774 1142 817 §ists—suda
1169 785 1210 807 as
1238 786 1324 807 wem>

176 824 305 866 spared
330 823 431 866 from
464 822 520 855 the
545 823 676 864 flames
688 819 908 854 —Anelzis-es'
947 832 1024 865 (ηρ,
1060 822 1134 854 ancl
1170 821 1325 855 Priam's

177 874 307 913 sceptre
333 870 406 903 and
431 868 593 903 cliaclem.'

134 941 293 978 dixerat
310 954 318 987 ;
349 941 389 977 et
410 939 517 977 dicta
538 938 721 977 Ilioneus
741 938 797 976 sic
819 951 916 977 voce
936 942 1121 978 secutus:

134 1007 143 1025 ‘
158 1019 238 1053 rex,
264 1018 394 1055 genus
413 1005 625 1054 egregium
646 1004 787 1051 Fauni,
810 1017 884 1042 nec
904 1005 1096 1043 fluctibus
1117 1008 1226 1045 actos

132 1073 221 1110 atra
241 1071 403 1119 subegit
424 1070 587 1119 hiemps
608 1069 755 1109 vestris
775 1070 987 1108 succedere
1009 1071 1138 1119 terris,

132 1149 207 1175 nec
229 1137 343 1175 sidus
364 1136 527 1184 regione
548 1136 636 1174 viae
658 1135 810 1174 litusve
830 1135 1003 1174 fefellit:
1264 1153 1323 1185 215

131 1201 302 1239 consilio
323 1201 427 1239 hanc
448 1214 592 1239 omnes
612 1200 846 1250 animisque
865 1201 1100 1240 volentibus
1121 1202 1266 1241 urbem

132 1267 369 1313 adferimur‚
393 1265 504 1315 pulsi
525 1266 673 1315 regnis,
697 1280 799 1315 quae
820 1267 1002 1305 maxima
1023 1268 1231 1317 quondam

132 1335 313 1371 extremo
333 1331 504 1370 veniens
525 1331 595 1370 Sol
615 1331 835 1380 aspiciebat
856 1332 1046 1382 Olympo.

131 1399 181 1436 ab
203 1397 302 1436 Iove
322 1396 572 1446 principium
592 1396 750 1445 generis
767 1411 775 1444 3
805 1396 903 1435 Iove
924 1397 1112 1436 Dardana
1132 1399 1261 1448 pubes

132 1464 281 1513 gaudet
301 1477 377 1502 avo
394 1477 402 1511 ;
433 1476 503 1501 rex
523 1462 610 1512 ipse
631 1461 745 1500 Iovis
766 1462 816 1500 de
837 1465 958 1512 gente
979 1477 1168 1513 suprema
1264 1480 1326 1501 220

133 1530 279 1569 Troius
300 1531 471 1578 Aeneas,
495 1531 568 1568 tua
587 1541 662 1568 nos
682 1529 731 1567 ad
751 1528 900 1568 limina
921 1531 1045 1569 misit.

132 1598 286 1646 quanta
305 1609 377 1645 per
400 1595 542 1633 Idaeos
562 1594 693 1634 saevis
713 1594 843 1633 effusa
864 1595 1050 1646 Mycenis

132 1664 355 1711 tempestas
376 1660 469 1698 ierit
489 1672 664 1710 campos,
689 1660 838 1709 quibus
859 1663 972 1699 actus
992 1663 1164 1712 uterque

132 1728 319 1776 Europae
340 1728 458 1776 atque
480 1725 604 1764 Asiae
623 1725 720 1764 fatis
742 1727 989 1765 concurrerit
1012 1727 1133 1775 orbis,

132 1792 262 1830 audiit
283 1793 324 1829 et
345 1791 379 1828 si
401 1804 524 1840 quem
545 1791 670 1829 tellus
691 1793 873 1830 extrema
895 1792 1030 1831 refuso
1264 1809 1323 1839 225

133 1857 351 1895 submovet
372 1856 539 1903 Ocean0‚
564 1858 603 1894 et
623 1857 658 1894 si
678 1869 800 1906 quem
820 1859 988 1896 extenta
1009 1858 1221 1908 plagarum

133 1923 328 1971 quattuor
348 1921 391 1959 in
412 1921 547 1959 medio
569 1921 728 1959 dirimit
748 1922 868 1971 plaga
888 1923 997 1961 Solis
1017 1923 1159 1973 iniqui.

134 1987 290 2025 diluvio
311 2000 359 2024 ex
382 1986 452 2023 illo
474 1988 535 2024 tot
556 1989 670 2024 vasta
691 2000 763 2035 per
783 2000 956 2037 aequora
975 1989 1083 2026 vecti

134 2051 196 2090 dis
217 2052 355 2089 sedem
377 2051 567 2100 exiguam
588 2052 732 2100 patriis
754 2052 932 2101 litusque
953 2066 1145 2102 rogamus
1263 2070 1325 2102 2²9

135 2117 359 2154 innocuum
379 2117 419 2153 et
441 2117 599 2154 cunctis
618 2116 853 2165 undamque
865 2131 1087 2167 auramque
1103 2121 1322 2167 patentem.
