<?xml version="1.0" encoding="UTF-8"?>
<!DOCTYPE html PUBLIC "-//W3C//DTD XHTML 1.0 Transitional//EN"
    "http://www.w3.org/TR/xhtml1/DTD/xhtml1-transitional.dtd">
<html xmlns="http://www.w3.org/1999/xhtml" xml:lang="en" lang="en">
 <head>
  <title>
</title>
<meta http-equiv="Content-Type" content="text/html;charset=utf-8" />
  <meta name='ocr-system' content='tesseract 3.04.00' />
  <meta name='ocr-capabilities' content='ocr_page ocr_carea ocr_par ocr_line ocrx_word'/>
</head>
<body>
  <div class='ocr_page' id='page_1' title='image "aeneidoslibersep00virguoft_0070.png"; bbox 0 0 1525 2368; ppageno 0'>
   <div class='ocr_carea' id='block_1_1' title="bbox 175 95 1072 153">
    <p class='ocr_par' dir='ltr' id='par_1_1' title="bbox 175 95 1072 153">
     <span class='ocr_line' id='line_1_1' title="bbox 175 95 1072 153; baseline 0.004 -14"><span class='ocrx_word' id='word_1_1' title='bbox 175 95 235 153; x_wconf 85' lang='lat'>58</span> <span class='ocrx_word' id='word_1_2' title='bbox 488 107 528 142; x_wconf 86' lang='lat' dir='ltr'>P.</span> <span class='ocrx_word' id='word_1_3' title='bbox 574 107 788 142; x_wconf 80' lang='lat' dir='ltr'>VERGILI</span> <span class='ocrx_word' id='word_1_4' title='bbox 832 108 1072 144; x_wconf 82' lang='lat' dir='ltr'>MAR0N1s</span> 
     </span>
    </p>
   </div>
   <div class='ocr_carea' id='block_1_2' title="bbox 160 199 1370 1884">
    <p class='ocr_par' dir='ltr' id='par_1_2' title="bbox 169 199 1130 249">
     <span class='ocr_line' id='line_1_2' title="bbox 169 199 1130 249; baseline 0.004 -13"><span class='ocrx_word' id='word_1_5' title='bbox 169 199 253 236; x_wconf 86' lang='lat' dir='ltr'>iam</span> <span class='ocrx_word' id='word_1_6' title='bbox 278 199 438 246; x_wconf 81' lang='lat' dir='ltr'>senior;</span> <span class='ocrx_word' id='word_1_7' title='bbox 468 200 610 249; x_wconf 87' lang='lat' dir='ltr'>patriis</span> <span class='ocrx_word' id='word_1_8' title='bbox 631 200 700 239; x_wconf 89' lang='lat' dir='ltr'>sed</span> <span class='ocrx_word' id='word_1_9' title='bbox 722 214 805 239; x_wconf 89' lang='lat' dir='ltr'>non</span> <span class='ocrx_word' id='word_1_10' title='bbox 826 203 867 239; x_wconf 90' lang='lat' dir='ltr'>et</span> <span class='ocrx_word' id='word_1_11' title='bbox 887 201 1000 240; x_wconf 84' lang='lat' dir='ltr'>filius</span> <span class='ocrx_word' id='word_1_12' title='bbox 1022 202 1130 240; x_wconf 85' lang='lat' dir='ltr'>arvis</span> 
     </span>
    </p>

    <p class='ocr_par' dir='ltr' id='par_1_3' title="bbox 168 265 1121 317">
     <span class='ocr_line' id='line_1_3' title="bbox 168 265 1121 317; baseline 0.004 -15"><span class='ocrx_word' id='word_1_13' title='bbox 168 266 388 302; x_wconf 86' lang='lat' dir='ltr'>contentus</span> <span class='ocrx_word' id='word_1_14' title='bbox 412 265 493 303; x_wconf 89' lang='lat' dir='ltr'>late</span> <span class='ocrx_word' id='word_1_15' title='bbox 514 265 598 303; x_wconf 86' lang='lat' dir='ltr'>iam</span> <span class='ocrx_word' id='word_1_16' title='bbox 619 268 711 304; x_wconf 90' lang='lat' dir='ltr'>tum</span> <span class='ocrx_word' id='word_1_17' title='bbox 732 266 892 305; x_wconf 88' lang='lat' dir='ltr'>dicione</span> <span class='ocrx_word' id='word_1_18' title='bbox 913 267 1121 317; x_wconf 87' lang='lat' dir='ltr'>premebat</span> 
     </span>
    </p>

    <p class='ocr_par' dir='ltr' id='par_1_4' title="bbox 168 329 1262 382">
     <span class='ocr_line' id='line_1_4' title="bbox 168 329 1262 382; baseline 0.004 -15"><span class='ocrx_word' id='word_1_19' title='bbox 168 329 374 368; x_wconf 74' lang='lat' dir='ltr'>Sarrastes</span> <span class='ocrx_word' id='word_1_20' title='bbox 398 330 572 379; x_wconf 87' lang='lat' dir='ltr'>populos</span> <span class='ocrx_word' id='word_1_21' title='bbox 592 332 632 369; x_wconf 94' lang='lat' dir='ltr'>et</span> <span class='ocrx_word' id='word_1_22' title='bbox 653 345 755 381; x_wconf 84' lang='lat' dir='ltr'>quae</span> <span class='ocrx_word' id='word_1_23' title='bbox 777 332 881 381; x_wconf 82' lang='lat' dir='ltr'>rigat</span> <span class='ocrx_word' id='word_1_24' title='bbox 903 345 1075 382; x_wconf 86' lang='lat' dir='ltr'>aequora</span> <span class='ocrx_word' id='word_1_25' title='bbox 1098 333 1262 381; x_wconf 82' lang='lat' dir='ltr'>Sarnus,</span> 
     </span>
    </p>

    <p class='ocr_par' dir='ltr' id='par_1_5' title="bbox 168 395 1370 507">
     <span class='ocr_line' id='line_1_5' title="bbox 168 395 1370 447; baseline 0.005 -16"><span class='ocrx_word' id='word_1_26' title='bbox 168 395 319 444; x_wconf 89' lang='lat' dir='ltr'>quique</span> <span class='ocrx_word' id='word_1_27' title='bbox 369 395 519 434; x_wconf 77' lang='lat' dir='ltr'><strong>Rufras</strong></span> <span class='ocrx_word' id='word_1_28' title='bbox 570 396 851 447; x_wconf 79' lang='lat' dir='ltr'>Batulumque</span> <span class='ocrx_word' id='word_1_29' title='bbox 898 399 1054 445; x_wconf 86' lang='lat' dir='ltr'>tenent,</span> <span class='ocrx_word' id='word_1_30' title='bbox 1102 400 1225 447; x_wconf 86' lang='lat' dir='ltr'>atque</span> <span class='ocrx_word' id='word_1_31' title='bbox 1272 412 1370 438; x_wconf 88' lang='lat' dir='ltr'>arva</span> 
     </span>
     <span class='ocr_line' id='line_1_6' title="bbox 221 460 451 507; baseline -0.004 -8"><span class='ocrx_word' id='word_1_32' title='bbox 221 460 451 507; x_wconf 83' lang='lat' dir='ltr'>Celemnae,</span> 
     </span>
    </p>

    <p class='ocr_par' dir='ltr' id='par_1_6' title="bbox 165 525 1368 575">
     <span class='ocr_line' id='line_1_7' title="bbox 165 525 1368 575; baseline 0.003 -13"><span class='ocrx_word' id='word_1_33' title='bbox 165 527 206 563; x_wconf 88' lang='lat' dir='ltr'>et</span> <span class='ocrx_word' id='word_1_34' title='bbox 227 538 329 574; x_wconf 88' lang='lat' dir='ltr'>quos</span> <span class='ocrx_word' id='word_1_35' title='bbox 351 525 564 564; x_wconf 74' lang='lat' dir='ltr'>maliferae</span> <span class='ocrx_word' id='word_1_36' title='bbox 591 527 830 575; x_wconf 71' lang='lat' dir='ltr'>despectant</span> <span class='ocrx_word' id='word_1_37' title='bbox 850 527 1012 565; x_wconf 83' lang='lat' dir='ltr'>moenia</span> <span class='ocrx_word' id='word_1_38' title='bbox 1032 527 1215 575; x_wconf 75' lang='lat' dir='ltr'>Abellae,</span> <span class='ocrx_word' id='word_1_39' title='bbox 1305 541 1368 575; x_wconf 85' lang='lat'>740</span> 
     </span>
    </p>

    <p class='ocr_par' dir='ltr' id='par_1_7' title="bbox 165 590 1043 641">
     <span class='ocr_line' id='line_1_8' title="bbox 165 590 1043 641; baseline 0.003 -14"><span class='ocrx_word' id='word_1_40' title='bbox 165 590 390 628; x_wconf 83' lang='lat' dir='ltr'>Teutonico</span> <span class='ocrx_word' id='word_1_41' title='bbox 412 590 495 628; x_wconf 89' lang='lat' dir='ltr'>ritu</span> <span class='ocrx_word' id='word_1_42' title='bbox 517 591 627 629; x_wconf 83' lang='lat' dir='ltr'>soliti</span> <span class='ocrx_word' id='word_1_43' title='bbox 654 593 845 641; x_wconf 88' lang='lat' dir='ltr'>torquere</span> <span class='ocrx_word' id='word_1_44' title='bbox 866 592 1016 630; x_wconf 83' lang='lat' dir='ltr'>cateias</span> <span class='ocrx_word' id='word_1_45' title='bbox 1034 607 1043 640; x_wconf 91' lang='lat'>;</span> 
     </span>
    </p>

    <p class='ocr_par' dir='ltr' id='par_1_8' title="bbox 166 656 1237 707">
     <span class='ocr_line' id='line_1_9' title="bbox 166 656 1237 707; baseline 0.003 -14"><span class='ocrx_word' id='word_1_46' title='bbox 166 656 349 705; x_wconf 82' lang='lat' dir='ltr'>tegmina</span> <span class='ocrx_word' id='word_1_47' title='bbox 370 656 461 706; x_wconf 88' lang='lat' dir='ltr'>quis</span> <span class='ocrx_word' id='word_1_48' title='bbox 482 657 663 706; x_wconf 84' lang='lat' dir='ltr'>capitum</span> <span class='ocrx_word' id='word_1_49' title='bbox 688 659 831 706; x_wconf 85' lang='lat' dir='ltr'>raptus</span> <span class='ocrx_word' id='word_1_50' title='bbox 854 658 903 695; x_wconf 92' lang='lat' dir='ltr'>de</span> <span class='ocrx_word' id='word_1_51' title='bbox 923 657 1071 695; x_wconf 79' lang='lat' dir='ltr'>subere</span> <span class='ocrx_word' id='word_1_52' title='bbox 1092 660 1237 707; x_wconf 83' lang='lat' dir='ltr'>cortex,</span> 
     </span>
    </p>

    <p class='ocr_par' dir='ltr' id='par_1_9' title="bbox 163 722 1199 772">
     <span class='ocr_line' id='line_1_10' title="bbox 163 722 1199 772; baseline 0.002 -12"><span class='ocrx_word' id='word_1_53' title='bbox 163 724 400 771; x_wconf 81' lang='lat' dir='ltr'>aerataeque</span> <span class='ocrx_word' id='word_1_54' title='bbox 422 722 575 760; x_wconf 82' lang='lat' dir='ltr'>micant</span> <span class='ocrx_word' id='word_1_55' title='bbox 596 722 739 772; x_wconf 80' lang='lat' dir='ltr'>peltae,</span> <span class='ocrx_word' id='word_1_56' title='bbox 768 723 893 761; x_wconf 87' lang='lat' dir='ltr'>micat</span> <span class='ocrx_word' id='word_1_57' title='bbox 915 736 1056 762; x_wconf 90' lang='lat' dir='ltr'>aereus</span> <span class='ocrx_word' id='word_1_58' title='bbox 1076 724 1199 762; x_wconf 79' lang='lat' dir='ltr'>ensis.</span> 
     </span>
    </p>

    <p class='ocr_par' dir='ltr' id='par_1_10' title="bbox 162 788 1090 837">
     <span class='ocr_line' id='line_1_11' title="bbox 162 788 1090 837; baseline 0.003 -13"><span class='ocrx_word' id='word_1_59' title='bbox 162 789 203 825; x_wconf 92' lang='lat' dir='ltr'>et</span> <span class='ocrx_word' id='word_1_60' title='bbox 225 789 263 825; x_wconf 83' lang='lat' dir='ltr'>te</span> <span class='ocrx_word' id='word_1_61' title='bbox 285 789 495 826; x_wconf 75' lang='lat' dir='ltr'>montosae</span> <span class='ocrx_word' id='word_1_62' title='bbox 516 788 664 826; x_wconf 84' lang='lat' dir='ltr'>misere</span> <span class='ocrx_word' id='word_1_63' title='bbox 684 788 727 826; x_wconf 89' lang='lat' dir='ltr'>in</span> <span class='ocrx_word' id='word_1_64' title='bbox 749 788 904 837; x_wconf 87' lang='lat' dir='ltr'>proelia</span> <span class='ocrx_word' id='word_1_65' title='bbox 927 788 1090 836; x_wconf 79' lang='lat' dir='ltr'>Nersae,</span> 
     </span>
    </p>

    <p class='ocr_par' dir='ltr' id='par_1_11' title="bbox 164 852 1364 902">
     <span class='ocr_line' id='line_1_12' title="bbox 164 852 1364 902; baseline 0.001 -11"><span class='ocrx_word' id='word_1_66' title='bbox 164 852 307 900; x_wconf 84' lang='lat' dir='ltr'>Ufens,</span> <span class='ocrx_word' id='word_1_67' title='bbox 330 853 535 902; x_wconf 83' lang='lat' dir='ltr'>insignem</span> <span class='ocrx_word' id='word_1_68' title='bbox 555 854 664 892; x_wconf 85' lang='lat' dir='ltr'>fama</span> <span class='ocrx_word' id='word_1_69' title='bbox 684 855 723 892; x_wconf 91' lang='lat' dir='ltr'>et</span> <span class='ocrx_word' id='word_1_70' title='bbox 744 853 934 892; x_wconf 86' lang='lat' dir='ltr'>felicibus</span> <span class='ocrx_word' id='word_1_71' title='bbox 957 854 1082 892; x_wconf 87' lang='lat' dir='ltr'>armis</span> <span class='ocrx_word' id='word_1_72' title='bbox 1101 869 1108 893; x_wconf 91' lang='lat'>:</span> <span class='ocrx_word' id='word_1_73' title='bbox 1302 865 1364 902; x_wconf 81' lang='lat'>745</span> 
     </span>
    </p>

    <p class='ocr_par' dir='ltr' id='par_1_12' title="bbox 163 918 1210 969">
     <span class='ocr_line' id='line_1_13' title="bbox 163 918 1210 969; baseline 0.001 -14"><span class='ocrx_word' id='word_1_74' title='bbox 163 918 327 956; x_wconf 89' lang='lat' dir='ltr'>horrida</span> <span class='ocrx_word' id='word_1_75' title='bbox 347 918 559 968; x_wconf 85' lang='lat' dir='ltr'>praecipue</span> <span class='ocrx_word' id='word_1_76' title='bbox 580 919 644 956; x_wconf 90' lang='lat' dir='ltr'>cui</span> <span class='ocrx_word' id='word_1_77' title='bbox 664 932 777 968; x_wconf 73' lang='lat' dir='ltr'>genS,</span> <span class='ocrx_word' id='word_1_78' title='bbox 803 919 1052 969; x_wconf 85' lang='lat' dir='ltr'>adsuetaque</span> <span class='ocrx_word' id='word_1_79' title='bbox 1077 919 1210 957; x_wconf 88' lang='lat' dir='ltr'>multo</span> 
     </span>
    </p>

    <p class='ocr_par' dir='ltr' id='par_1_13' title="bbox 165 984 1115 1035">
     <span class='ocr_line' id='line_1_14' title="bbox 165 984 1115 1035; baseline 0.003 -15"><span class='ocrx_word' id='word_1_80' title='bbox 165 986 313 1022; x_wconf 77' lang='lat' dir='ltr'>venatu</span> <span class='ocrx_word' id='word_1_81' title='bbox 335 997 562 1032; x_wconf 86' lang='lat' dir='ltr'>nemorum,</span> <span class='ocrx_word' id='word_1_82' title='bbox 587 985 702 1023; x_wconf 89' lang='lat' dir='ltr'>duris</span> <span class='ocrx_word' id='word_1_83' title='bbox 722 984 953 1035; x_wconf 80' lang='lat' dir='ltr'>Aequicula</span> <span class='ocrx_word' id='word_1_84' title='bbox 975 985 1115 1033; x_wconf 82' lang='lat' dir='ltr'>glebis.</span> 
     </span>
    </p>

    <p class='ocr_par' dir='ltr' id='par_1_14' title="bbox 163 1050 1182 1099">
     <span class='ocr_line' id='line_1_15' title="bbox 163 1050 1182 1099; baseline 0.002 -13"><span class='ocrx_word' id='word_1_85' title='bbox 163 1050 311 1088; x_wconf 86' lang='lat' dir='ltr'>armati</span> <span class='ocrx_word' id='word_1_86' title='bbox 333 1052 486 1088; x_wconf 85' lang='lat' dir='ltr'>terram</span> <span class='ocrx_word' id='word_1_87' title='bbox 508 1052 705 1097; x_wconf 72' lang='lat' dir='ltr'>exercent,</span> <span class='ocrx_word' id='word_1_88' title='bbox 733 1063 975 1099; x_wconf 88' lang='lat' dir='ltr'>semperque</span> <span class='ocrx_word' id='word_1_89' title='bbox 1001 1052 1182 1088; x_wconf 82' lang='lat' dir='ltr'>recentes</span> 
     </span>
    </p>

    <p class='ocr_par' dir='ltr' id='par_1_15' title="bbox 163 1115 1094 1165">
     <span class='ocr_line' id='line_1_16' title="bbox 163 1115 1094 1165; baseline 0.002 -13"><span class='ocrx_word' id='word_1_90' title='bbox 163 1116 399 1153; x_wconf 86' lang='lat' dir='ltr'>convectare</span> <span class='ocrx_word' id='word_1_91' title='bbox 420 1115 536 1154; x_wconf 86' lang='lat' dir='ltr'>iuvat</span> <span class='ocrx_word' id='word_1_92' title='bbox 556 1116 726 1165; x_wconf 83' lang='lat' dir='ltr'>praedas</span> <span class='ocrx_word' id='word_1_93' title='bbox 746 1117 786 1153; x_wconf 93' lang='lat' dir='ltr'>et</span> <span class='ocrx_word' id='word_1_94' title='bbox 807 1115 944 1154; x_wconf 84' lang='lat' dir='ltr'>vivere</span> <span class='ocrx_word' id='word_1_95' title='bbox 968 1118 1094 1165; x_wconf 88' lang='lat' dir='ltr'>rapto.</span> 
     </span>
    </p>

    <p class='ocr_par' dir='ltr' id='par_1_16' title="bbox 163 1181 1366 1230">
     <span class='ocr_line' id='line_1_17' title="bbox 163 1181 1366 1230; baseline -0.001 -13"><span class='ocrx_word' id='word_1_96' title='bbox 163 1181 265 1230; x_wconf 89' lang='lat' dir='ltr'>quin</span> <span class='ocrx_word' id='word_1_97' title='bbox 285 1183 324 1219; x_wconf 88' lang='lat' dir='ltr'>et</span> <span class='ocrx_word' id='word_1_98' title='bbox 346 1181 553 1219; x_wconf 89' lang='lat' dir='ltr'>Marruvia</span> <span class='ocrx_word' id='word_1_99' title='bbox 573 1182 686 1219; x_wconf 80' lang='lat' dir='ltr'>venit</span> <span class='ocrx_word' id='word_1_100' title='bbox 706 1181 754 1219; x_wconf 90' lang='lat' dir='ltr'>de</span> <span class='ocrx_word' id='word_1_101' title='bbox 775 1183 897 1230; x_wconf 83' lang='lat' dir='ltr'>gente</span> <span class='ocrx_word' id='word_1_102' title='bbox 919 1181 1114 1227; x_wconf 88' lang='lat' dir='ltr'>sacerdos,</span> <span class='ocrx_word' id='word_1_103' title='bbox 1302 1193 1366 1228; x_wconf 80' lang='lat'>750</span> 
     </span>
    </p>

    <p class='ocr_par' dir='ltr' id='par_1_17' title="bbox 161 1246 1169 1295">
     <span class='ocr_line' id='line_1_18' title="bbox 161 1246 1169 1295; baseline -0.001 -11"><span class='ocrx_word' id='word_1_104' title='bbox 161 1246 305 1284; x_wconf 84' lang='lat' dir='ltr'>fronde</span> <span class='ocrx_word' id='word_1_105' title='bbox 327 1259 449 1295; x_wconf 87' lang='lat' dir='ltr'>super</span> <span class='ocrx_word' id='word_1_106' title='bbox 469 1246 627 1295; x_wconf 86' lang='lat' dir='ltr'>galeam</span> <span class='ocrx_word' id='word_1_107' title='bbox 649 1247 688 1284; x_wconf 90' lang='lat' dir='ltr'>et</span> <span class='ocrx_word' id='word_1_108' title='bbox 709 1246 818 1284; x_wconf 90' lang='lat' dir='ltr'>felici</span> <span class='ocrx_word' id='word_1_109' title='bbox 840 1247 1030 1295; x_wconf 85' lang='lat' dir='ltr'>comptus</span> <span class='ocrx_word' id='word_1_110' title='bbox 1052 1246 1169 1284; x_wconf 86' lang='lat' dir='ltr'>oliva.</span> 
     </span>
    </p>

    <p class='ocr_par' dir='ltr' id='par_1_18' title="bbox 161 1311 1124 1360">
     <span class='ocr_line' id='line_1_19' title="bbox 161 1311 1124 1360; baseline 0.002 -11"><span class='ocrx_word' id='word_1_111' title='bbox 161 1311 363 1360; x_wconf 79' lang='lat' dir='ltr'>Archippi</span> <span class='ocrx_word' id='word_1_112' title='bbox 384 1312 491 1360; x_wconf 81' lang='lat' dir='ltr'>regis</span> <span class='ocrx_word' id='word_1_113' title='bbox 513 1311 652 1357; x_wconf 88' lang='lat' dir='ltr'>missu,</span> <span class='ocrx_word' id='word_1_114' title='bbox 678 1311 931 1349; x_wconf 88' lang='lat' dir='ltr'>fortissimus</span> <span class='ocrx_word' id='word_1_115' title='bbox 954 1311 1124 1351; x_wconf 90' lang='lat' dir='ltr'>Umbro.</span> 
     </span>
    </p>

    <p class='ocr_par' dir='ltr' id='par_1_19' title="bbox 161 1376 1191 1427">
     <span class='ocr_line' id='line_1_20' title="bbox 161 1376 1191 1427; baseline 0.001 -13"><span class='ocrx_word' id='word_1_116' title='bbox 161 1377 323 1426; x_wconf 89' lang='lat' dir='ltr'>vipereo</span> <span class='ocrx_word' id='word_1_117' title='bbox 344 1377 484 1425; x_wconf 82' lang='lat' dir='ltr'>generi</span> <span class='ocrx_word' id='word_1_118' title='bbox 504 1379 543 1415; x_wconf 88' lang='lat' dir='ltr'>et</span> <span class='ocrx_word' id='word_1_119' title='bbox 565 1377 746 1426; x_wconf 80' lang='lat' dir='ltr'>graviter</span> <span class='ocrx_word' id='word_1_120' title='bbox 767 1376 1024 1426; x_wconf 86' lang='lat' dir='ltr'>spirantibus</span> <span class='ocrx_word' id='word_1_121' title='bbox 1046 1377 1191 1427; x_wconf 86' lang='lat' dir='ltr'>hydris</span> 
     </span>
    </p>

    <p class='ocr_par' dir='ltr' id='par_1_20' title="bbox 161 1441 1277 1491">
     <span class='ocr_line' id='line_1_21' title="bbox 161 1441 1277 1491; baseline 0 -11"><span class='ocrx_word' id='word_1_122' title='bbox 161 1455 347 1491; x_wconf 82' lang='lat' dir='ltr'>spargere</span> <span class='ocrx_word' id='word_1_123' title='bbox 368 1443 438 1491; x_wconf 90' lang='lat' dir='ltr'>qui</span> <span class='ocrx_word' id='word_1_124' title='bbox 459 1455 627 1480; x_wconf 86' lang='lat' dir='ltr'>somnos</span> <span class='ocrx_word' id='word_1_125' title='bbox 647 1444 851 1491; x_wconf 86' lang='lat' dir='ltr'>cantuque</span> <span class='ocrx_word' id='word_1_126' title='bbox 876 1455 1088 1491; x_wconf 89' lang='lat' dir='ltr'>manuque</span> <span class='ocrx_word' id='word_1_127' title='bbox 1110 1441 1277 1489; x_wconf 85' lang='lat' dir='ltr'>solebat,</span> 
     </span>
    </p>

    <p class='ocr_par' dir='ltr' id='par_1_21' title="bbox 162 1507 1363 1557">
     <span class='ocr_line' id='line_1_22' title="bbox 162 1507 1363 1557; baseline 0 -12"><span class='ocrx_word' id='word_1_128' title='bbox 162 1508 450 1557; x_wconf 81' lang='lat' dir='ltr'>mulcebatque</span> <span class='ocrx_word' id='word_1_129' title='bbox 470 1507 550 1546; x_wconf 86' lang='lat' dir='ltr'>iras</span> <span class='ocrx_word' id='word_1_130' title='bbox 570 1508 610 1545; x_wconf 93' lang='lat' dir='ltr'>et</span> <span class='ocrx_word' id='word_1_131' title='bbox 631 1520 790 1545; x_wconf 89' lang='lat' dir='ltr'>morsus</span> <span class='ocrx_word' id='word_1_132' title='bbox 811 1509 896 1545; x_wconf 88' lang='lat' dir='ltr'>arte</span> <span class='ocrx_word' id='word_1_133' title='bbox 918 1507 1091 1546; x_wconf 85' lang='lat' dir='ltr'>levabat.</span> <span class='ocrx_word' id='word_1_134' title='bbox 1302 1518 1363 1554; x_wconf 84' lang='lat'>755</span> 
     </span>
    </p>

    <p class='ocr_par' dir='ltr' id='par_1_22' title="bbox 162 1572 1157 1622">
     <span class='ocr_line' id='line_1_23' title="bbox 162 1572 1157 1622; baseline -0.001 -11"><span class='ocrx_word' id='word_1_135' title='bbox 162 1574 230 1611; x_wconf 88' lang='lat' dir='ltr'>sed</span> <span class='ocrx_word' id='word_1_136' title='bbox 252 1587 335 1611; x_wconf 91' lang='lat' dir='ltr'>non</span> <span class='ocrx_word' id='word_1_137' title='bbox 357 1573 587 1611; x_wconf 86' lang='lat' dir='ltr'>Dardaniae</span> <span class='ocrx_word' id='word_1_138' title='bbox 609 1573 801 1611; x_wconf 86' lang='lat' dir='ltr'>medicari</span> <span class='ocrx_word' id='word_1_139' title='bbox 826 1573 1005 1622; x_wconf 88' lang='lat' dir='ltr'>cuspidis</span> <span class='ocrx_word' id='word_1_140' title='bbox 1027 1572 1157 1610; x_wconf 90' lang='lat' dir='ltr'>ictum</span> 
     </span>
    </p>

    <p class='ocr_par' dir='ltr' id='par_1_23' title="bbox 161 1638 1184 1688">
     <span class='ocr_line' id='line_1_24' title="bbox 161 1638 1184 1688; baseline -0.002 -12"><span class='ocrx_word' id='word_1_141' title='bbox 161 1639 323 1685; x_wconf 79' lang='lat' dir='ltr'>evaluit,</span> <span class='ocrx_word' id='word_1_142' title='bbox 349 1652 480 1688; x_wconf 89' lang='lat' dir='ltr'>neque</span> <span class='ocrx_word' id='word_1_143' title='bbox 500 1652 594 1676; x_wconf 88' lang='lat' dir='ltr'>eum</span> <span class='ocrx_word' id='word_1_144' title='bbox 618 1639 753 1677; x_wconf 88' lang='lat' dir='ltr'>iuvere</span> <span class='ocrx_word' id='word_1_145' title='bbox 776 1638 819 1676; x_wconf 90' lang='lat' dir='ltr'>in</span> <span class='ocrx_word' id='word_1_146' title='bbox 846 1638 1016 1676; x_wconf 84' lang='lat' dir='ltr'>vulnera</span> <span class='ocrx_word' id='word_1_147' title='bbox 1038 1640 1184 1676; x_wconf 81' lang='lat' dir='ltr'>cantus</span> 
     </span>
    </p>

    <p class='ocr_par' dir='ltr' id='par_1_24' title="bbox 161 1702 1250 1753">
     <span class='ocr_line' id='line_1_25' title="bbox 161 1702 1250 1753; baseline -0.002 -12"><span class='ocrx_word' id='word_1_148' title='bbox 161 1704 376 1741; x_wconf 83' lang='lat' dir='ltr'>somniferi</span> <span class='ocrx_word' id='word_1_149' title='bbox 397 1706 438 1742; x_wconf 91' lang='lat' dir='ltr'>et</span> <span class='ocrx_word' id='word_1_150' title='bbox 460 1704 604 1742; x_wconf 80' lang='lat' dir='ltr'>Marsis</span> <span class='ocrx_word' id='word_1_151' title='bbox 627 1704 832 1753; x_wconf 86' lang='lat' dir='ltr'>quaesitae</span> <span class='ocrx_word' id='word_1_152' title='bbox 858 1703 1069 1742; x_wconf 81' lang='lat' dir='ltr'>montibus</span> <span class='ocrx_word' id='word_1_153' title='bbox 1090 1702 1250 1740; x_wconf 78' lang='lat' dir='ltr'>herbae.</span> 
     </span>
    </p>

    <p class='ocr_par' dir='ltr' id='par_1_25' title="bbox 160 1767 1161 1817">
     <span class='ocr_line' id='line_1_26' title="bbox 160 1767 1161 1817; baseline 0 -11"><span class='ocrx_word' id='word_1_154' title='bbox 160 1772 201 1806; x_wconf 82' lang='lat' dir='ltr'>te</span> <span class='ocrx_word' id='word_1_155' title='bbox 222 1782 370 1807; x_wconf 86' lang='lat' dir='ltr'>nemus</span> <span class='ocrx_word' id='word_1_156' title='bbox 391 1769 597 1817; x_wconf 73' lang='lat' dir='ltr'>Angitiae.</span> <span class='ocrx_word' id='word_1_157' title='bbox 627 1769 756 1807; x_wconf 74' lang='lat' dir='ltr'>vitrea</span> <span class='ocrx_word' id='word_1_158' title='bbox 778 1771 818 1807; x_wconf 84' lang='lat' dir='ltr'>te</span> <span class='ocrx_word' id='word_1_159' title='bbox 842 1768 1020 1806; x_wconf 84' lang='lat' dir='ltr'>Fucinus</span> <span class='ocrx_word' id='word_1_160' title='bbox 1043 1767 1161 1806; x_wconf 85' lang='lat' dir='ltr'>unda.</span> 
     </span>
    </p>

    <p class='ocr_par' dir='ltr' id='par_1_26' title="bbox 161 1834 1363 1884">
     <span class='ocr_line' id='line_1_27' title="bbox 161 1834 1363 1884; baseline 0.002 -13"><span class='ocrx_word' id='word_1_161' title='bbox 161 1838 201 1872; x_wconf 91' lang='lat' dir='ltr'>te</span> <span class='ocrx_word' id='word_1_162' title='bbox 223 1834 368 1884; x_wconf 88' lang='lat' dir='ltr'>liquidi</span> <span class='ocrx_word' id='word_1_163' title='bbox 390 1835 536 1872; x_wconf 84' lang='lat' dir='ltr'>flevere</span> <span class='ocrx_word' id='word_1_164' title='bbox 560 1835 682 1872; x_wconf 83' lang='lat' dir='ltr'>lacus.</span> <span class='ocrx_word' id='word_1_165' title='bbox 1301 1835 1363 1877; x_wconf 79' lang='lat'>760</span> 
     </span>
    </p>
   </div>
   <div class='ocr_carea' id='block_1_3' title="bbox 161 1906 1386 2142">
    <p class='ocr_par' dir='ltr' id='par_1_27' title="bbox 161 1906 1386 2142">
     <span class='ocr_line' id='line_1_28' title="bbox 161 1906 1363 1952; baseline -0.004 -8"><span class='ocrx_word' id='word_1_166' title='bbox 161 1911 334 1952; x_wconf 60' lang='lat'>761782.</span> <span class='ocrx_word' id='word_1_167' title='bbox 363 1911 487 1944; x_wconf 74' lang='lat' dir='ltr'>Aricia</span> <span class='ocrx_word' id='word_1_168' title='bbox 509 1911 614 1943; x_wconf 68' lang='lat' dir='ltr'>sends</span> <span class='ocrx_word' id='word_1_169' title='bbox 636 1910 789 1949; x_wconf 74' lang='lat' dir='ltr'>Virbius,</span> <span class='ocrx_word' id='word_1_170' title='bbox 803 1910 898 1943; x_wconf 71' lang='lat' dir='ltr'>child</span> <span class='ocrx_word' id='word_1_171' title='bbox 909 1908 950 1950; x_wconf 70' lang='lat' dir='ltr'>os</span> <span class='ocrx_word' id='word_1_172' title='bbox 960 1909 1184 1951; x_wconf 51' lang='lat' dir='ltr'>Hippolytus</span> <span class='ocrx_word' id='word_1_173' title='bbox 1229 1906 1363 1949; x_wconf 76' lang='lat' dir='ltr'>Hippo-</span> 
     </span>
     <span class='ocr_line' id='line_1_29' title="bbox 208 1954 1361 2000; baseline -0.004 -11"><span class='ocrx_word' id='word_1_174' title='bbox 208 1958 310 2000; x_wconf 75' lang='lat' dir='ltr'>lytus,</span> <span class='ocrx_word' id='word_1_175' title='bbox 329 1970 366 1991; x_wconf 67' lang='lat' dir='ltr'>so</span> <span class='ocrx_word' id='word_1_176' title='bbox 392 1969 482 1990; x_wconf 71' lang='lat' dir='ltr'>runs</span> <span class='ocrx_word' id='word_1_177' title='bbox 508 1958 564 1991; x_wconf 74' lang='lat' dir='ltr'>the</span> <span class='ocrx_word' id='word_1_178' title='bbox 590 1962 694 1999; x_wconf 72' lang='lat' dir='ltr'>story,</span> <span class='ocrx_word' id='word_1_179' title='bbox 713 1957 805 1989; x_wconf 76' lang='lat' dir='ltr'>slae&#39;n</span> <span class='ocrx_word' id='word_1_180' title='bbox 835 1956 877 1998; x_wconf 72' lang='lat' dir='ltr'>by</span> <span class='ocrx_word' id='word_1_181' title='bbox 903 1956 959 1988; x_wconf 77' lang='lat' dir='ltr'>leis</span> <span class='ocrx_word' id='word_1_182' title='bbox 983 1954 1233 1998; x_wconf 70' lang='lat' dir='ltr'>step-mother&#39;s</span> <span class='ocrx_word' id='word_1_183' title='bbox 1256 1954 1361 1996; x_wconf 72' lang='lat' dir='ltr'>yuile,</span> 
     </span>
     <span class='ocr_line' id='line_1_30' title="bbox 210 2000 1362 2047; baseline -0.003 -11"><span class='ocrx_word' id='word_1_184' title='bbox 210 2016 280 2037; x_wconf 72' lang='lat' dir='ltr'>was</span> <span class='ocrx_word' id='word_1_185' title='bbox 297 2005 445 2047; x_wconf 73' lang='lat' dir='ltr'>brouyht</span> <span class='ocrx_word' id='word_1_186' title='bbox 465 2005 552 2038; x_wconf 68' lang='lat' dir='ltr'>back·</span> <span class='ocrx_word' id='word_1_187' title='bbox 571 2009 604 2038; x_wconf 74' lang='lat' dir='ltr'>to</span> <span class='ocrx_word' id='word_1_188' title='bbox 623 2005 685 2047; x_wconf 59' lang='lat' dir='ltr'>lise</span> <span class='ocrx_word' id='word_1_189' title='bbox 706 2004 747 2046; x_wconf 67' lang='lat' dir='ltr'>by</span> <span class='ocrx_word' id='word_1_190' title='bbox 773 2001 919 2036; x_wconf 70' lang='lat' dir='ltr'>l&#39;arme&#39;s</span> <span class='ocrx_word' id='word_1_191' title='bbox 936 2006 993 2035; x_wconf 72' lang='lat' dir='ltr'>art</span> <span class='ocrx_word' id='word_1_192' title='bbox 1012 2003 1086 2034; x_wconf 75' lang='lat' dir='ltr'>and</span> <span class='ocrx_word' id='word_1_193' title='bbox 1105 2001 1239 2033; x_wconf 75' lang='lat' dir='ltr'>Diana.</span> <span class='ocrx_word' id='word_1_194' title='bbox 1291 2000 1362 2032; x_wconf 75' lang='lat' dir='ltr'>But</span> 
     </span>
     <span class='ocr_line' id='line_1_31' title="bbox 208 2047 1386 2094; baseline -0.004 -13"><span class='ocrx_word' id='word_1_195' title='bbox 208 2053 360 2094; x_wconf 61' lang='lat' dir='ltr'>Jupiter.</span> <span class='ocrx_word' id='word_1_196' title='bbox 383 2053 416 2084; x_wconf 76' lang='lat' dir='ltr'>e&#39;n</span> <span class='ocrx_word' id='word_1_197' title='bbox 433 2052 542 2084; x_wconf 69' lang='lat' dir='ltr'>wralh</span> <span class='ocrx_word' id='word_1_198' title='bbox 556 2052 631 2084; x_wconf 70' lang='lat' dir='ltr'>that</span> <span class='ocrx_word' id='word_1_199' title='bbox 644 2062 664 2083; x_wconf 76' lang='lat' dir='ltr'>a</span> <span class='ocrx_word' id='word_1_200' title='bbox 680 2051 806 2084; x_wconf 69' lang='lat' dir='ltr'>morta!</span> <span class='ocrx_word' id='word_1_201' title='bbox 817 2050 944 2082; x_wconf 67' lang='lat' dir='ltr'>slaould</span> <span class='ocrx_word' id='word_1_202' title='bbox 958 2049 1130 2091; x_wconf 71' lang='lat' dir='ltr'>risesrom</span> <span class='ocrx_word' id='word_1_203' title='bbox 1151 2049 1205 2080; x_wconf 77' lang='lat' dir='ltr'>llw</span> <span class='ocrx_word' id='word_1_204' title='bbox 1226 2047 1359 2083; x_wconf 70' lang='lat' dir='ltr'>shadc&#39;s,</span> <span class='ocrx_word' id='word_1_205' title='bbox 1382 2072 1386 2076; x_wconf 92' lang='lat'>.</span> 
     </span>
     <span class='ocr_line' id='line_1_32' title="bbox 208 2093 1362 2142; baseline -0.004 -12"><span class='ocrx_word' id='word_1_206' title='bbox 208 2100 326 2132; x_wconf 67' lang='lat' dir='ltr'>struck·</span> <span class='ocrx_word' id='word_1_207' title='bbox 351 2099 588 2142; x_wconf 52' lang='lat' dir='ltr'>Aesculapius·</span> <span class='ocrx_word' id='word_1_208' title='bbox 611 2099 710 2131; x_wconf 62' lang='lat' dir='ltr'>dead.</span> <span class='ocrx_word' id='word_1_209' title='bbox 765 2097 887 2130; x_wconf 73' lang='lat' dir='ltr'>Diana</span> <span class='ocrx_word' id='word_1_210' title='bbox 911 2096 975 2129; x_wconf 69' lang='lat' dir='ltr'>leid</span> <span class='ocrx_word' id='word_1_211' title='bbox 1000 2095 1219 2138; x_wconf 69' lang='lat' dir='ltr'>Hippolytus</span> <span class='ocrx_word' id='word_1_212' title='bbox 1247 2094 1280 2126; x_wconf 77' lang='lat' dir='ltr'>in</span> <span class='ocrx_word' id='word_1_213' title='bbox 1307 2093 1362 2125; x_wconf 74' lang='lat' dir='ltr'>tlte</span> 
     </span>
    </p>
   </div>
  </div>
 </body>
</html>
