1525 2368
498 125 767 160 AENEIDOS
809 125 912 159 LIB.
953 125 1028 158 VII
1305 127 1360 171 25

163 220 257 257 ante
276 219 422 257 urbem
441 218 559 268 pueri
579 219 619 256 et
639 218 851 268 primaevo
870 217 970 255 flore
991 217 1186 255 iuventus

161 285 401 322 exercentur
419 283 546 332 equis,
573 283 859 333 domitantque
882 282 926 320 in
946 282 1114 332 pulvere
1134 293 1289 329 currus,

162 350 234 387 aut
254 362 365 387 acres
387 348 565 386 tendunt
586 361 714 395 arcus,
737 350 807 386 aut
827 347 940 385 lenta
960 347 1124 385 lacertis

161 414 317 463 spicula
331 415 616 463 contorquent,
639 426 844 463 cursuque
860 412 1026 462 ictuque
1040 412 1265 460 lacessunt3
1299 416 1359 459 165

162 491 257 516 cum
276 480 517 528 praevectus
538 492 640 528 equo
662 478 849 528 longaevi
870 478 976 527 regis
996 478 1045 516 ad
1067 491 1186 516 aures

160 543 335 581 nuntius
356 543 545 592 ingentes
565 544 709 592 ignota
728 543 773 581 in
794 544 907 581 veste
928 545 1109 592 reportat

160 607 374 646 advenisse
393 607 513 646 viros.
576 608 646 646 ille
666 608 776 647 intra
795 609 903 647 tecta
922 608 1056 646 vocari

384 1541 516 1570 Yowrns
539 1543 672 1570 RAC1xc.
716 1543 825 1578 (From
842 1552 861 1571 a
874 1544 1140 1580 vase-painting.)

161 1652 339 1701 imperat
360 1655 401 1690 et
422 1653 524 1690 solio
544 1653 707 1690 medius
730 1654 913 1691 consedit
936 1654 1055 1692 avito.

160 1719 317 1755 tectum
331 1719 564 1767 augustum,
584 1717 742 1768 ingens,
763 1721 929 1757 centum
951 1718 1128 1756 sublime
1144 1720 1360 1768 columnis,

160 1783 260 1820 urbe
283 1783 363 1821 fuit
385 1795 559 1831 summa,
586 1783 807 1822 Laurentis
826 1785 935 1834 regia
957 1784 1055 1831 Pici,
1302 1799 1358 1833 171

159 1847 413 1886 horrendum
435 1848 553 1886 silvis
574 1851 614 1887 et
635 1849 832 1900 religIOne
852 1852 1085 1899 parentum.

158 1912 225 1950 hic
245 1915 402 1962 sceptra
422 1914 602 1963 accipere
623 1916 662 1952 et
685 1915 843 1964 primos
862 1915 1050 1952 attollere
1071 1914 1200 1952 fasces

159 1978 323 2028 regibus
345 1992 466 2016 omen
487 1981 574 2017 erat
594 1994 602 2026 3
632 1979 708 2017 hoc
730 1980 815 2017 illis
836 1980 950 2017 curia
971 1980 1185 2029 templum,

159 2043 235 2081 hae
255 2043 381 2081 sacris
400 2044 515 2081 sedes
534 2044 670 2093 epulis
689 2059 697 2091 ;
728 2045 794 2082 hic
814 2045 940 2082 ariete
961 2058 1074 2082 caeso
1302 2059 1360 2094 175

158 2108 366 2157 perpetuis
386 2109 498 2147 soliti
518 2112 653 2158 patres
674 2110 880 2148 considere
902 2111 1069 2148 mensis.
