1525 2368
193 135 249 164 22
498 128 538 163 P.
581 127 798 162 VERGILI
840 126 1078 161 MARONIS

192 224 231 261 et
252 221 406 261 violare
427 234 554 259 manu
574 220 775 270 malisque
795 220 1014 258 audacibus
1035 219 1174 258 orbem

193 288 327 326 fatalis
349 287 477 325 crusti
496 286 651 336 patulis
672 298 745 323 nec
766 298 928 335 parcere
949 285 1141 335 quadris:
1334 300 1391 333 115

196 356 203 371 ⁸
221 354 332 400 heus,
357 352 483 390 etiam
504 364 667 389 mensas
689 351 974 388 consumimus
990 352 997 388 !
1015 351 1024 365 ’
1045 350 1183 400 inquit
1203 349 1334 399 Iulus,

194 432 267 456 nec
287 418 415 468 plura,
440 417 653 455 adludens.
715 428 761 453 ea
781 429 861 454 vox
881 416 1019 454 audita
1040 416 1229 454 laborum

194 484 327 533 prima
347 483 445 521 tulit
466 483 603 529 finem,
627 481 886 531 primamque
906 480 1111 530 loquentis
1130 480 1180 518 ab
1204 493 1273 518 ore

192 549 343 598 eripuit
362 551 487 598 pater,
513 561 555 585 ac
577 547 829 596 stupefactus
850 546 1023 583 numine
1043 545 1200 595 pressit.

195 614 390 652 continuo
415 613 546 651 ‘salve
568 612 665 650 fatis
686 611 793 649 mihi
813 610 950 649 debita
970 611 1106 658 tellus,
1335 627 1393 649 120

195 681 375 729 vosque‚'
395 678 463 725 ait,
492 680 536 716 ‘o
560 677 633 715 fidi
654 676 796 715 Troiae
816 676 970 714 salvete
990 676 1189 714 Penates:

195 745 261 782 hic
278 744 434 790 domus,
445 743 541 781 haec
557 742 690 792 patria
703 743 773 779 est.
797 741 958 791 genitor
971 741 1075 778 mihi
1088 741 1187 779 talia
1199 754 1388 792 namque,

196 823 306 848 nunc
326 811 475 859 repeto,
500 808 705 846 Anchises
725 807 904 845 fatorum
926 819 1072 844 arcana
1093 806 1282 856 reliquit:

199 879 220 896 ‘⁴
235 890 329 916 cum
350 879 399 923 te,
424 878 528 923 nate,
552 876 682 913 fames
703 875 843 923 ignota
863 873 913 911 ad
936 873 1057 911 litora
1077 875 1241 910 vectum

196 943 336 980 accisis
358 943 471 991 coget
493 941 666 990 dapibus
686 952 924 978 consumere
945 952 1119 986 mensas,
1333 954 1392 986 125

196 1011 289 1047 tum
310 1020 470 1057 sperare
490 1007 634 1045 domos
655 1006 836 1044 defessus
855 1005 994 1054 ibique
1015 1007 1224 1043 memento

197 1075 331 1124 prima
352 1073 483 1111 locare
503 1085 630 1110 manu
651 1070 870 1120 molirique
891 1083 1034 1120 aggere
1055 1070 1196 1108 tecta.”

198 1140 293 1178 haec
316 1141 401 1177 erat
422 1139 493 1177 illa
514 1138 645 1176 fames
664 1153 672 1185 ;
703 1138 799 1175 haec
820 1150 894 1175 nos
915 1149 1104 1186 suprema
1124 1135 1317 1174 manebat

197 1204 334 1243 exitiis
354 1204 537 1254 positura
558 1204 737 1241 modum.

198 1284 321 1320 quare
341 1270 449 1319 agite
470 1272 509 1307 et
530 1270 665 1319 primo
686 1268 781 1307 laeti
803 1281 897 1306 cum
919 1268 1076 1307 lumine
1096 1268 1195 1308 solis
1338 1284 1395 1314 130

199 1349 301 1386 quae
314 1336 411 1383 loca,
429 1336 553 1385 quive
566 1335 744 1373 habeant
761 1335 962 1378 homines,
982 1334 1052 1372 ubi
1070 1335 1231 1373 moenia
1244 1334 1390 1384 gentis.

198 1401 462 1450 vestigemus,
486 1402 525 1438 et
545 1413 567 1438 a
588 1402 708 1449 portu
729 1399 889 1437 diversa
911 1402 1112 1448 petamus.

200 1480 309 1504 nunc
330 1468 490 1516 pateras
509 1466 631 1504 libate
654 1465 754 1512 Iovi,
779 1465 1048 1514 precibusque
1069 1468 1209 1504 voc-ate

200 1532 413 1570 Anchisen
433 1532 674 1581 genitorem,
697 1533 738 1569 et
758 1531 854 1569 vina
876 1531 1061 1580 reponite
1083 1530 1264 1569 mensis.'

201 1597 256 1634 sic
278 1597 425 1635 deinde
445 1597 591 1634 effatus
612 1596 821 1635 frondenti
845 1598 1031 1645 tempora
1052 1609 1164 1634 ramo
1338 1609 1397 1642 ¹35

201 1662 399 1710 implicat,
423 1663 462 1699 et
486 1661 745 1710 Geniumque
767 1661 844 1699 loci
867 1661 1124 1711 primamque
1145 1660 1314 1697 deorum

203 1727 408 1765 Tellurem
431 1727 728 1776 Nymphasque
749 1729 788 1765 et
810 1727 944 1765 adhuc
965 1726 1103 1773 ignota
1123 1728 1309 1775 precatur

204 1793 386 1840 flumina,
412 1795 502 1830 tum
526 1793 698 1830 Noctem
724 1793 946 1842 Noctisque
969 1792 1141 1829 orientia
1162 1791 1280 1839 signa

204 1858 458 1907 Idaeumque
479 1858 622 1897 Iovem
646 1858 953 1908 Phrygiamque
973 1871 1022 1895 ex
1042 1857 1185 1894 ordine
1206 1856 1379 1894 Matrem

204 1924 380 1971 invocat,
399 1926 439 1962 et
458 1925 639 1973 duplices
657 1924 856 1972 Caeloque
870 1923 1082 1972 Ereboque
1097 1924 1296 1971 parentes,
1340 1936 1400 1967 140

204 1990 270 2028 hio
290 1991 404 2039 pater
426 1991 686 2040 omnipotens
706 1992 769 2027 ter
788 1988 896 2027 caelo
917 1988 1050 2026 clarus
1070 1988 1120 2025 ab
1141 1988 1224 2026 alto

207 2056 400 2103 intonuit,
425 2056 631 2105 radiisque
653 2056 864 2093 ardentem
885 2054 989 2092 lucis
1009 2056 1049 2091 et.
1071 2066 1170 2091 auro

209 2121 292 2169 ipse
316 2134 441 2158 manu
465 2121 652 2170 quatiens
674 2120 850 2158 ostendit
872 2119 921 2157 ab
943 2119 1104 2157 aethere
1126 2118 1292 2156 nubem.
