1525 2368
482 135 746 170 AENEmos
788 135 891 170 ΜΒ.
934 135 1008 168 V11
1291 139 1342 183 17

147 245 241 270 cum
261 231 378 270 venti
397 244 578 280 posuere,
605 230 822 280 omnisque
842 231 1009 279 repente
1030 228 1181 266 resedit

146 297 279 344 flatus,
304 299 345 335 et
365 297 408 334 in
429 297 541 334 lento
561 296 774 334 luctantur
794 308 999 333 marmore
1020 295 1170 332 tonsae.

147 365 268 412 atque
289 362 354 399 hic
377 363 539 399 Aeneas
561 362 775 411 ingentem
795 374 845 398 ex
865 373 1038 409 aequore
1058 360 1198 397 lucum
1254 400 1257 404 ,

146 427 362 478 prospicit:
391 427 503 464 hunc
524 427 633 464 inter
652 426 779 464 fluvio
800 425 1019 463 Tiberinus
1039 437 1210 462 amoeno
1301 440 1344 470 30

146 492 370 530 verticibus
391 491 543 540 rapidis
562 494 602 529 et
623 491 758 530 multa
777 491 910 529 flavus
929 491 1082 528 harena

146 557 190 595 in
210 571 321 595 mare
341 556 585 606 prorumpit,
609 557 746 594 variae
766 557 1000 604 circumque
1021 567 1224 604 supraque

146 623 338 661 adsuetae
358 622 458 670 ripis
478 622 665 660 volucres
685 624 725 659 et
745 620 931 659 fluminis
951 620 1068 658 alveo

146 688 313 726 aethera
332 686 567 725 mulcebant
590 688 714 724 cantu
735 686 909 736 lucoque
928 684 1132 724 volabant.

238 1497 370 1526 Pirum
392 1496 504 1524 Tim-:m
544 1495 657 1529 (From
672 1504 691 1523 a
707 1493 850 1524 Colossal
862 1494 969 1530 figure
981 1493 1018 1522 in
1031 1494 1090 1522 the
1104 1494 1257 1526 Louvre.)

149 1583 310 1622 flectere
330 1583 407 1621 iter
427 1582 545 1620 sociis
565 1584 778 1631 terraeque
798 1582 1006 1620 advertere
1027 1594 1167 1631 proras
1311 1595 1348 1625 35

149 1648 325 1699 imperat
343 1650 383 1686 et
405 1648 537 1687 laetus
558 1648 683 1687 fluvio
705 1648 885 1687 succedit
906 1661 1040 1697 opaco.

150 1768 276 1804 37—45.
307 1759 377 1793 The
398 1764 481 1804 poe?
509 1761 648 1794 involves
668 1760 723 1793 the
749 1760 850 1793 Messe
874 1764 907 1793 to
934 1759 1066 1802 impie-e
1091 1759 1164 1791 Ῐιιήι
1189 1758 1285 1790 while
1310 1757 1349 1789 hv

198 1808 275 1841 tells
293 1807 401 1851 ofthe
417 1812 504 1841 state
522 1809 565 1851 of
575 1808 734 1847 Latium,
754 1808 827 1840 and
845 1808 900 1840 the
918 1807 1110 1849 ἶηῃίηηίημ
1128 1807 1171 1848 of
1190 1806 1245 1838 the
1265 1815 1348 1837 tear.

199 1854 378 1898 Dreadful
397 1866 472 1888 war
490 1856 519 1888 is
535 1855 592 1888 his
608 1855 728 1897 theme,
749 1855 823 1887 aml
840 1854 895 1887 the
913 1854 1018 1887 death
1035 1854 1078 1897 of
1088 1853 1201 1895 Irinqs.

154 1919 273 1959 Nunc
293 1934 376 1970 age,
402 1919 471 1971 qui
492 1935 620 1971 reges,
646 1921 783 1969 Erato,
807 1934 912 1970 quae
935 1922 1120 1969 tempora
1140 1931 1287 1965 rerum,

151 1986 243 2036 quis
264 1985 380 2025 Latio
401 1987 572 2037 antiquo
592 1987 717 2024 fuerit
738 1988 880 2030 status,
905 1984 1060 2023 advena
1081 1985 1251 2022 classem

152 2066 246 2090 cum
266 2053 450 2102 primum
470 2050 671 2091 Ausoniis
691 2051 892 2091 exercitus
913 2051 1071 2100 appulit
1093 2049 1184 2098 oris,

151 2117 374 2167 expediam,
399 2120 439 2156 et
459 2117 617 2168 primae
637 2117 834 2156 revocabo
857 2115 1023 2155 exordia
1042 2127 1214 2166 pugnae.
1304 2131 1346 2162 40

209 2194 272 2212 mas.
293 2193 330 2211 vu
730 2191 751 2217 ρ
